%  An example of bibtex entries.
%  Entries taken from BMC instructions for authors page.

@inproceedings{duckworth2016,
	title 			= "Unsupervised learning of qualitative motion behaviours by a mobile robot",
	author 			= "Duckworth, Paul and Gatsoulis, Yiannis and Jovan, Ferdian and Hawes, Nick and Hogg, David C and Cohn, Anthony G",
	booktitle 		= "Proceedings of the 2016 International Conference on Autonomous Agents and Multiagent Systems",
	pages 			= "1043--1051",
	year 			= "2016",
	organization 	= "International Foundation for Autonomous Agents and Multiagent Systems"
}

@book{winkelmann1993poisson,
    title={Poisson-logistic regression},
    author={Winkelmann, Rainer and Zimmermann, Klaus F},
    year={1993},
    publisher={Volkswirtschaftl. Fakult{\"a}t d. Ludwig-Maximilians-Univ. M{\"u}nchen}
}

@article{wyatt1998exploration,
    title={Exploration and inference in learning from reinforcement},
    author={Wyatt, Jeremy},
    year={1998},
    school={University of Edinburgh. College of Science and Engineering. School of Informatics.}
}

@ARTICLE{1413255, 
    author={E. Alba and B. Dorronsoro}, 
    journal={IEEE Transactions on Evolutionary Computation}, 
    title={The exploration/exploitation tradeoff in dynamic cellular genetic algorithms}, 
    year={2005}, 
    volume={9}, 
    number={2}, 
    pages={126-142}, 
    month={April},
}

@article{AUDIBERT20091876,
    title = "Exploration–exploitation tradeoff using variance estimates in multi-armed bandits",
    journal = "Theoretical Computer Science",
    volume = "410",
    number = "19",
    pages = "1876 - 1902",
    year = "2009",
    note = "Algorithmic Learning Theory",
    author = "Jean-Yves Audibert and Rémi Munos and Csaba Szepesvári",
}

@inproceedings{fremen_ecai_2016,
    title={Learning Temporal Context for Activity Recognition},
    author={Claudio Coppola and Tom{\'a}s Krajn{\'i}k and Tom Duckett and Nicola Bellotto},
    booktitle={ECAI},
    year={2016}
}

@article{cook2010learning,
	title={Learning setting-generalized activity models for smart spaces},
	author={Cook, Diane J},
	journal={IEEE intelligent systems},
	volume={2010},
	number={99},
	pages={1},
	year={2010},
	publisher={NIH Public Access}
}

@article{mwalili2006bayesian,
    title={Bayesian and frequentist approaches to correct for misclassification error with applications to caries research.},
    author={Mwalili, Samuel Musili},
    year={2006},
    school={Katholieke Universiteit Leuven}
}

@ARTICLE{5751968, 
    author={D. Feil-Seifer and M. J. Matarić}, 
    journal={IEEE Robotics Automation Magazine}, 
    title={Socially Assistive Robotics}, 
    year={2011}, 
    volume={18}, 
    number={1}, 
    pages={24-31}, 
    month={March},}

@InProceedings{jovan18a,
    title =    {Efficient Bayesian Methods for Counting Processes in Partially Observable Environments},
    author =     {Ferdian Jovan and Jeremy Wyatt and Nick Hawes},
    booktitle =    {Proceedings of the Twenty-First International Conference on Artificial Intelligence and Statistics},
    pages =      {1906--1913},
    year =     {2018},
    editor =     {Amos Storkey and Fernando Perez-Cruz},
    volume =   {84},
    series =     {Proceedings of Machine Learning Research},
    address =      {Playa Blanca, Lanzarote, Canary Islands},
    month =      {09--11 Apr},
    publisher =    {PMLR},
}

@inproceedings{Duckworth2006,
    author = {Duckworth, Paul and Gatsoulis, Yiannis and Jovan, Ferdian and Hawes, Nick and Hogg, David C. and Cohn, Anthony G.},
    title = {Unsupervised Learning of Qualitative Motion Behaviours by a Mobile Robot},
    booktitle = {Proceedings of the 2016 International Conference on Autonomous Agents \&\#38; Multiagent Systems},
    series = {AAMAS '16},
    year = {2016},
    pages = {1043--1051},
    publisher = {International Foundation for Autonomous Agents and Multiagent Systems},
    address = {Richland, SC},
} 

@article{casadei2014,
    author={D Casadei},
    title={Reference analysis of the signal + background model in counting experiments II. Approximate reference prior},
    journal={Journal of Instrumentation},
    volume={9},
    number={10},
    pages={T10006},
    year={2014},
}

@article{berger1998,
    author = {Sun, D. and Berger, J. O.},
    title = {Reference priors with partial information},
    journal = {Biometrika},
    volume = {85},
    number = {1},
    pages = {55-71},
    year = {1998},
}

@article{berger2009,
    author = "Berger, James O. and Bernardo, Jos\'{e} M. and Sun, Dongchu",
    journal = "The Annals of Statistics",
    number = "2",
    pages = "905--938",
    publisher = "The Institute of Mathematical Statistics",
    title = "The formal definition of reference priors",
    volume = "37",
    year = "2009"
}

@incollection{BERNARDO200517,
    title = "Reference Analysis",
    editor = "D.K. Dey and C.R. Rao",
    series = "Handbook of Statistics",
    publisher = "Elsevier",
    volume = "25",
    pages = "17 - 90",
    year = "2005",
    booktitle = "Bayesian Thinking",
    author = "Jos\'{e}  M. Bernardo",
}

@article{Casadei2012,
    author={D Casadei},
    title={Reference analysis of the signal + background model in counting experiments},
    journal={Journal of Instrumentation},
    volume={7},
    number={01},
    pages={P01012},
    year={2012},
}

@article{pierini2011priors,
    title={Priors for New Physics},
    author={Pierini, Maurizio and Prosper, Harrison B and Sekmen, Sezen and Spiropulu, Maria},
    journal={arXiv preprint arXiv:1108.0523},
    year={2011}
}

@article{demortier2010,
    title = {Reference priors for high energy physics},
    author = {Demortier, Luc and Jain, Supriya and Prosper, Harrison B.},
    journal = {arXiv:1002.1111v2},
    volume = {82},
    issue = {3},
    pages = {034002},
    year = {2010},
    publisher = {American Physical Society},
}


@article{BITYUKOV2000518,
    title = "On the observability of a signal above background",
    journal = "Nuclear Instruments and Methods in Physics Research Section A: Accelerators, Spectrometers, Detectors and Associated Equipment",
    volume = "452",
    number = "3",
    pages = "518 - 524",
    year = "2000",
    author = "S.I. Bityukov and N.V. Krasnikov",
}

@article{casadei2011statistical,
    title={Statistical methods used in ATLAS for exclusion and discovery},
    author={Casadei, Diego},
    journal={arXiv preprint arXiv:1108.2288},
    year={2011}
}

@article{stamey2005,
    author = {James D. Stamey and Dean M. Young},
    title = {Maximum Likelihood Estimation for a Poisson Rate Parameter with Misclassified Counts},
    journal = {Australian \& New Zealand Journal of Statistics},
    volume = {47},
    number = {2},
    pages = {163-172},
    year = {2005}
}

@article{bratcher2004,
    author = {James D. Stamey and Dean M. Young and Tom L. Bratcher},
    title = {Bayesian Predictive Probability Functions for Count Data that are Subject to Misclassification},
    journal = {Biometrical Journal},
    volume = {46},
    number = {5},
    pages = {572-578},
    year = {2004}
}

@article{bratcher2002,
    author = {Thomas L. Bratcher and James D. Stamey},
    title = {Estimation of Poisson Rates with Misclassified Counts},
    journal = {Biometrical Journal},
    volume = {44},
    number = {8},
    pages = {946-956},
    year = {2002}
}

@article{sposto1992,
    author = {Richard Sposto and Dale L. Preston and Yukiko Shimizu and Kiyohiko Mabuchi},
    journal = {Biometrics},
    number = {2},
    pages = {605--617},
    publisher = {[Wiley, International Biometric Society]},
    title = {The Effect of Diagnostic Misclassification on Non-Cancer and Cancer Mortality Dose Response in A-Bomb Survivors},
    volume = {48},
    year = {1992}
}

@article{kircher1985,
    author = { Kircher ,  Tobias  and  Nelson ,  Judith  and  Burdo ,  Harold },
    title = {The Autopsy as a Measure of Accuracy of the Death Certificate},
    journal = {New England Journal of Medicine},
    volume = {313},
    number = {20},
    pages = {1263-1269},
    year = {1985},
}



@article{MORENO1998147,
    title = "Estimating with incomplete count data A Bayesian approach",
    journal = "Journal of Statistical Planning and Inference",
    volume = "66",
    number = "1",
    pages = "147 - 159",
    year = "1998",
    author = "El\'{i}as Moreno and Javier Gir\'{o}n",
}

@article{dvorzak2016,
    author = {Michaela Dvorzak and Helga Wagner},
    title ={Sparse Bayesian modelling of underreported count data},
    journal = {Statistical Modelling},
    volume = {16},
    number = {1},
    pages = {24-46},
    year = {2016},
}

@article{whittemore1991,
    author = {A. S. Whittemore and G. Gong},
    journal = {Journal of the Royal Statistical Society. Series C (Applied Statistics)},
    number = {1},
    pages = {81--93},
    publisher = {[Wiley, Royal Statistical Society]},
    title = {Poisson Regression with Misclassified Counts: Application to Cervical Cancer Mortality Rates},
    volume = {40},
    year = {1991}
}

@phdthesis{bekele1998binomial,
    title={Binomial data with misclassification: a Bayesian approach},
    author={Bekele, Benjamin Nebiyou},
    year={1998},
    school={Baylor University}
}

@article{Viana1993,
    author = {   M.A.G.   Viana  and    V.   Ramakrishnan  and    P.S.   Levy },
    title = {Bayesian analysis of prevalence from the results of small screening samples},
    journal = {Communications in Statistics - Theory and Methods},
    volume = {22},
    number = {2},
    pages = {575-585},
    year  = {1993},
    publisher = {Taylor and Francis},
}

@article{Tenenbein1970,
    author = { Aaron   Tenenbein },
    title = {A Double Sampling Scheme for Estimating from Binomial Data with Misclassifications},
    journal = {Journal of the American Statistical Association},
    volume = {65},
    number = {331},
    pages = {1350-1361},
    year  = {1970},
    publisher = {Taylor and Francis},
}


@article{Hochberg1977,
    author = { Yosef   Hochberg },
    title = {On the Use of Double Sampling Schemes in Analyzing Categorical Data with Misclassification Errors},
    journal = {Journal of the American Statistical Association},
    volume = {72},
    number = {360a},
    pages = {914-921},
    year  = {1977},
    publisher = {Taylor and Francis},
}



@article{Chen1979,
    author = { T.   Timothy   Chen },
    title = {Log-Linear Models for Categorical Data with Misclassification and Double Sampling},
    journal = {Journal of the American Statistical Association},
    volume = {74},
    number = {366a},
    pages = {481-488},
    year  = {1979},
    publisher = {Taylor and Francis},
}

@article{Bross1954,
    author = {Irwin Bross},
    journal = {Biometrics},
    number = {4},
    pages = {478--486},
    publisher = {[Wiley, International Biometric Society]},
    title = {Misclassification in 2 X 2 Tables},
    volume = {10},
    year = {1954}
}

@article{waagepetersen2007,
    author = {Rasmus Plenge Waagepetersen},
    title = {An Estimating Function Approach to Inference for Inhomogeneous Neyman–Scott Processes},
    journal = {Biometrics},
    volume = {63},
    number = {1},
    pages = {252-258},
    year = {2007}
}

@article{rue2009,
    author = {H\r{a}vard Rue and Sara Martino and Nicolas Chopin},
    title = {Approximate Bayesian inference for latent Gaussian models by using integrated nested Laplace approximations},
    journal = {Journal of the Royal Statistical Society: Series B (Statistical Methodology)},
    volume = {71},
    number = {2},
    pages = {319-392},
    year = {2009}
}

@inproceedings{bernardo2003bayesian,
    title={Bayesian nonparametric inference for mixed Poisson processes},
    author={Eduardo Guti{\'e}rrez-Pe{\~n}a, and Luis E. Nieto-Barajas},
    booktitle={Bayesian Statistics 7: Proceedings of the Seventh Valencia International Meeting},
    pages={163},
    year={2003},
    organization={Oxford University Press, USA}
}

@article{wolpert1998,
    author = {Wolpert, Robert L. and Ickstadt, Katja},
    title = {Poisson/gamma random field models for spatial statistics},
    journal = {Biometrika},
    volume = {85},
    number = {2},
    pages = {251-267},
    year = {1998},
}

@article{bartlett1963,
    author = {M. S. Bartlett},
    journal = {Journal of the Royal Statistical Society. Series B (Methodological)},
    number = {2},
    pages = {264--296},
    publisher = {[Royal Statistical Society, Wiley]},
    title = {The Spectral Analysis of Point Processes},
    volume = {25},
    year = {1963}
}

@inproceedings{kottas2006dirichlet,
    title={Dirichlet process mixtures of beta distributions, with applications to density and intensity estimation},
    author={Kottas, Athanasios},
    booktitle={Workshop on Learning with Nonparametric Bayesian Methods, 23rd International Conference on Machine Learning (ICML)},
    year={2006}
}

@article{heikkinen2001,
    author = {Juha Heikkinen and Elja Arjas},
    title = {Non‐parametric Bayesian Estimation of a Spatial Poisson Intensity},
    journal = {Scandinavian Journal of Statistics},
    volume = {25},
    number = {3},
    pages = {435-450},
    year = {2001}
}

@inproceedings{lloyd2015variational,
    title={Variational inference for Gaussian process modulated Poisson processes},
    author={Lloyd, Chris and Gunter, Tom and Osborne, Michael and Roberts, Stephen},
    booktitle={International Conference on Machine Learning},
    pages={1814--1822},
    year={2015}
}

@article{WAAGEPETERSEN2004229,
    title = "Convergence of posteriors for discretized log Gaussian Cox processes",
    journal = "Statistics and Probability Letters",
    volume = "66",
    number = "3",
    pages = "229 - 235",
    year = "2004",
    author = "Rasmus Waagepetersen",
}

@article{moller1998,
    author = {Jesper Møller and Anne Randi Syversveen and Rasmus Plenge Waagepetersen},
    title = {Log Gaussian Cox Processes},
    journal = {Scandinavian Journal of Statistics},
    volume = {25},
    number = {3},
    pages = {451-482},
    year = {1998}
}

@article{rathbun_cressie_1994,
    title={Asymptotic Properties of Estimators for the Parameters of Spatial Inhomogeneous Poisson Point Processes},
    volume={26},
    number={1},
    journal={Advances in Applied Probability},
    publisher={Cambridge University Press},
    author={Rathbun, Stephen L. and Cressie, Noel},
    year={1994},
    pages={122-154}
}

@article{cox1955,
    author = {D. R. Cox},
    journal = {Journal of the Royal Statistical Society. Series B (Methodological)},
    number = {2},
    pages = {129--164},
    publisher = {[Royal Statistical Society, Wiley]},
    title = {Some Statistical Methods Connected with Series of Events},
    volume = {17},
    year = {1955}
}

@article{peeling2007,
    author = {Paul Peeling and Chung-fai Li and Simon Godsill},
    title = {Poisson point process modeling for polyphonic music transcription},
    journal = {The Journal of the Acoustical Society of America},
    volume = {121},
    number = {4},
    pages = {EL168-EL175},
    year = {2007},
}

@article{diggle1985,
    author = {Peter Diggle},
    journal = {Journal of the Royal Statistical Society. Series C (Applied Statistics)},
    number = {2},
    pages = {138--147},
    publisher = {[Wiley, Royal Statistical Society]},
    title = {A Kernel Method for Smoothing Point Process Data},
    volume = {34},
    year = {1985}
}

@article{cox1966statistical,
    title={The statistical analysis of series of events},
    author={Cox, DR and Lewis, PAWL},
    year={1966},
    publisher={John Wiley and Sons}
}

@Article{Lo1989,
    author="Lo, Albert Y. and Weng, Chung-Sing",
    title="On a class of Bayesian nonparametric estimates: II. Hazard rate estimates",
    journal="Annals of the Institute of Statistical Mathematics",
    year="1989",
    volume="41",
    number="2",
    pages="227--245"
}


@Article{Lo1982,
    author="Lo, Albert Y.",
    title="Bayesian nonparametric statistical inference for Poisson point processes",
    journal="Zeitschrift f{\"u}r Wahrscheinlichkeitstheorie und Verwandte Gebiete",
    year="1982",
    volume="59",
    number="1",
    pages="55--66"
}

@article{aalen1978nonparametric,
    title={Nonparametric inference for a family of counting processes},
    author={Aalen, Odd},
    journal={The Annals of Statistics},
    pages={701--726},
    year={1978},
    publisher={JSTOR}
}

@phdthesis{fink1997compendium,
	title={A compendium of conjugate priors},
	author={Fink, Daniel},
	year={1997},
	school={Montana State University},
	volume={46},
	publisher={Citeseer}
}

@book{karlin2014first,
    title={A first course in stochastic processes},
    author={Karlin, Samuel},
    year={2014},
    publisher={Academic press}
}

@book{tijms2003first,
    title={A first course in stochastic models},
    author={Tijms, Henk C},
    year={2003},
    publisher={John Wiley and sons}
}

@inbook{kingman2005,
    author = {J.F.C. Kingman},
    publisher = {American Cancer Society},
    title = {Poisson Processes},
    booktitle = {Encyclopedia of Biostatistics},
    year = {2005},
}

@book{degroot2012probability,
    title={Probability and statistics},
    author={DeGroot, Morris H and Schervish, Mark J},
    year={2012},
    publisher={Pearson Education}
}

@article{aldrich1997,
    author = {John Aldrich},
    journal = {Statistical Science},
    number = {3},
    pages = {162--176},
    publisher = {Institute of Mathematical Statistics},
    title = {R. A. Fisher and the Making of Maximum Likelihood 1912-1922},
    volume = {12},
    year = {1997}
}

@inproceedings{laing1987comparison,
    title={A comparison of time series forecasting methods for predicting the CEGB demand},
    author={Laing, WD and Smith, DGC},
    booktitle={Proceedings of the ninth power systems computation conference},
    year={1987}
}

@article{kirby1997should,
    title={Should we use neural networks or statistical models for short-term motorway traffic forecasting?},
    author={Kirby, Howard R and Watson, Susan M and Dougherty, Mark S},
    journal={International Journal of Forecasting},
    volume={13},
    number={1},
    pages={43--50},
    year={1997},
    publisher={Elsevier}
}

@article{buchanan2001way,
    title={Which way the natural gas price: an attempt to predict the direction of natural gas spot price movements using trader positions},
    author={Buchanan, William K and Hodges, Paul and Theis, John},
    journal={Energy economics},
    volume={23},
    number={3},
    pages={279--293},
    year={2001},
    publisher={Elsevier}
}

@inproceedings{nochai2006arima,
    title={ARIMA model for forecasting oil palm price},
    author={Nochai, Rangsan and Nochai, Titida},
    booktitle={Proceedings of the 2nd IMT-GT Regional Conference on Mathematics, Statistics and Applications},
    pages={13--15},
    year={2006}
}

@article{weiss2000,
	title = "Forecasting commodity prices using ARIMA",
	journal = "Technical Analysis of Stocks and Commodities",
	volume = "18",
	number = "1",
	pages = "18 - 19",
	year = "2000",
	author = "E. Weiss",
}

@book{box2015time,
    title={Time series analysis: forecasting and control},
    author={Box, George EP and Jenkins, Gwilym M and Reinsel, Gregory C and Ljung, Greta M},
    year={2015},
    publisher={John Wiley \& Sons}
}

@book{hyndman2014forecasting,
    title={Forecasting: principles and practice},
    author={Hyndman, Rob J and Athanasopoulos, George},
    year={2014},
    publisher={OTexts}
}

@inproceedings{rasmussen2001occam,
    title={Occam's razor},
    author={Rasmussen, Carl Edward and Ghahramani, Zoubin},
    booktitle={Advances in neural information processing systems},
    pages={294--300},
    year={2001}
}

@inproceedings{karunaratne2017modelling,
    title={Modelling the working week for multi-step forecasting using Gaussian process regression},
    author={Karunaratne, Pasan and Moshtaghi, Masud and Karunasekera, Shanika and Harwood, Aaron and Cohn, Trevor},
    booktitle={Proceedings of the 26th International Joint Conference on Artificial Intelligence},
    pages={1994--2000},
    year={2017},
    publisher={AAAI Press}
}

@inproceedings{girard2003gaussian,
    title={Gaussian process priors with uncertain inputs application to multiple-step ahead time series forecasting},
    author={Girard, Agathe and Rasmussen, Carl Edward and Candela, Joaquin Quinonero and Murray-Smith, Roderick},
    booktitle={Advances in neural information processing systems},
    pages={545--552},
    year={2003}
}

@article{williams2006gaussian,
    title={Gaussian processes for machine learning},
    author={Williams, Christopher KI and Rasmussen, Carl Edward},
    journal={the MIT Press},
    volume={2},
    number={3},
    pages={4},
    year={2006}
}

@inproceedings{Lloyd2014-ABCD,
    title= "Automatic Construction and {Natural-Language} Description of Nonparametric Regression Models",
    author= {Lloyd, James Robert and Duvenaud, David and Grosse, Roger and Tenenbaum, Joshua B. and Ghahramani, Zoubin},
    booktitle= "Association for the Advancement of Artificial Intelligence (AAAI)",
    year= 2014
}

@incollection{rasmussen2004gaussian,
    title={Gaussian processes in machine learning},
    author={Rasmussen, Carl Edward},
    booktitle={Advanced lectures on machine learning},
    pages={63--71},
    year={2004},
    publisher={Springer}
}

@book{stark1987image,
    title={Image recovery: theory and application},
    author={Stark, Henry},
    year={1987},
    publisher={Elsevier}
}

@article{emmanuel2006,
    author = {Emmanuel J. Candès and Justin K. Romberg and Terence Tao},
    title = {Stable signal recovery from incomplete and inaccurate measurements},
    journal = {Communications on Pure and Applied Mathematics},
    volume = {59},
    number = {8},
    pages = {1207-1223},
    year = {2006},
 }

@ARTICLE{braut1971,
    author = {{Brault}, J.~W. and {White}, O.~R.},
    title = "{The Analysis and Restoration of Astronomical Data via the Fast Fourier Transform}",
    journal = {Astronomy and Astrophysics},
    year = 1971,
    volume = 13,
    pages = {169}
}

@ARTICLE{scargle1982,
    author = {{Scargle}, J.~D.},
    title = "{Studies in astronomical time series analysis. II - Statistical aspects of spectral analysis of unevenly spaced data}",
    journal = {Astrophysical Journal},
    year = 1982,
    volume = 263,
    pages = {835-853},
}

@book{carlin2010bayes,
    title={Bayes and empirical Bayes methods for data analysis},
    author={Carlin, Bradley P and Louis, Thomas A},
    year={2010},
    publisher={Chapman and Hall/CRC}
}

@article{ACHCAR2001733,
	Author = {Jorge Achcar},
	Journal = {Advances in Reliability},
	Number = {C},
	Pages = {733 - 748},
	Publisher = {Elsevier},
	Series = {Handbook of Statistics},
	Title = {Bayesian analysis for software reliability data},
	Volume = {20},
	Year = {2001}
}

@article{Achcar2012,
	Author = {J. Achcar and J. Barrios and E. Rodrigues},
	Journal = {Journal of Environmental Protection},
	Number = {9A},
	Pages = {1213-1227},
	Title = {Comparing the Adequacy of Some Non-Homogeneous {Poisson} Models to Estimate Ozone Exceedances in Mexico City},
	Volume = {3},
	Year = {2012}
}

@article{Guarnaccia2014,
	Author = {Claudio Guarnaccia and Joseph Quartieri and Juan M. Barrios and Eliane R. Rodrigues},
	Journal = {The Journal of the Acoustical Society of America},
	Number = {4},
	Pages = {1631-1639},
	Title = {Modeling environmental noise exceedances using non-homogeneous {Poisson} processes},
	Volume = {136},
	Year = {2014}
}

@article{turin1996fitting,
    title={Fitting probabilistic automata via the EM algorithm},
    author={Turin, William},
    journal={Stochastic Models},
    volume={12},
    number={3},
    pages={405--424},
    year={1996},
    publisher={Taylor \& Francis}
}

@inproceedings{kulis2011revisiting,
	title={Revisiting k-means: New algorithms via Bayesian nonparametrics},
	author={Kulis, Brian and Jordan, Michael I},
	booktitle={Proceedings of the 29th International Conference on Machine Learning (ICML)},
	pages={513--520},
	year={2012}
}

@inproceedings{ghassemi2014analytic,
	title={Analytic long-term forecasting with periodic Gaussian processes},
	author={Ghassemi, Nooshin Haji and Deisenroth, Marc Peter},
	booktitle={Proceeding of AISTATS},
	pages={303--311},
	year={2014}
}

@article{bracewell1965fourier,
	title={The Fourier Transform and IIS Applications},
	author={Bracewell, Ron},
	journal={New York},
	year={1965}
}

@article{1478-3975-3-4-002,
	author		= "G Schmid and I Goychuk and P H{\"{a}}nggi",
	title		= "Capacitance fluctuations causing channel noise reduction in stochastic Hodgkin–Huxley systems",
	journal		= "Physical Biology",
	volume		= "3",
	number		= "4",
	pages		= "248",
	year		= "2006"
}

@article{Tino2009,
	author		= "Ti{\v{n}}o, Peter",
	title		= "Basic properties and information theory of Audic-Claverie statistic for analyzing cDNA arrays",
	journal		= "BMC Bioinformatics",
	year		= "2009",
	volume		= "10",
	number		= "1",
	pages		= "310",
}

@ARTICLE{Gregory1992,
	author = {{Gregory}, P.~C. and {Loredo}, T.~J.},
	title = "{A new method for the detection of a periodic signal of unknown shape and period}",
	journal = {The Astrophysical Journal},
	year = {1992},
	volume = {398},
	pages = {146-168},
}

@article{Ripley1977,
	author = {B. D. Ripley},
	journal = {Journal of the Royal Statistical Society. Series B (Methodological)},
	number = {2},
	pages = {172-212},
	publisher = {[Royal Statistical Society, Wiley]},
	title = {Modelling Spatial Patterns},
	volume = {39},
	year = {1977}
}

@inproceedings{Cunningham2008,
	author = {Cunningham, John P. and Shenoy, Krishna V. and Sahani, Maneesh},
	title = {Fast Gaussian Process Methods for Point Process Intensity Estimation},
	booktitle = {Proceedings of the 25th International Conference on Machine Learning},
	series = {ICML '08},
	year = {2008},
	location = {Helsinki, Finland},
	pages = {192--199},
	publisher = {ACM},
	address = {New York},
} 

@article{Stephen1994,
	author = {Stephen L. Rathbun and Noel Cressie},
	journal = {Advances in Applied Probability},
	number = {1},
	pages = {122-154},
	publisher = {Applied Probability Trust},
	title = {Asymptotic Properties of Estimators for the Parameters of Spatial Inhomogeneous Poisson Point Processes},
	volume = {26},
	year = {1994}
}

@article{KOTTAS20073151,
	title = "Bayesian mixture modeling for spatial Poisson process intensities, with applications to extreme value analysis",
	journal = "Journal of Statistical Planning and Inference",
	volume = "137",
	number = "10",
	pages = "3151 - 3163",
	year = "2007",
	author = "Athanasios Kottas and Bruno Sansó",
}

@inproceedings{Adams2009,
	author = {Adams, Ryan Prescott and Murray, Iain and MacKay, David J. C.},
	title = {Tractable Nonparametric Bayesian Inference in Poisson Processes with Gaussian Process Intensities},
	booktitle = {Proceedings of the 26th Annual International Conference on Machine Learning},
	series = {ICML '09},
	year = {2009},
	location = {Montreal, Quebec, Canada},
	pages = {9--16},
	publisher = {ACM},
	address = {New York},
} 

@inproceedings{maskell2005,
	author = { Kevin  Gilholm,Simon  Godsill,Simon  Maskell,David  Salmond},
	title = {Poisson models for extended target and group tracking},
	booktitle = {Proceeding SPIE},
	volume = {5913},
	pages = {5913 - 5913 - 12},
	year = {2005},
}

@inproceedings{lloyd2015variational,
	title={Variational inference for Gaussian process modulated Poisson processes},
	author={Lloyd, Chris and Gunter, Tom and Osborne, Michael and Roberts, Stephen},
	booktitle={International Conference on Machine Learning},
	pages={1814--1822},
	year={2015}
}

@INPROCEEDINGS{1378672, 
	author={D. J. Leith and M. Heidl and J. V. Ringwood}, 
	booktitle={2004 International Conference on Probabilistic Methods Applied to Power Systems}, 
	title={Gaussian process prior models for electrical load forecasting}, 
	year={2004}, 
	pages={112-117}, 
}

@article{Marc1964,
	author = {Marc Nerlove},
	journal = {Econometrica},
	number = {3},
	pages = {241-286},
	publisher = {[Wiley, Econometric Society]},
	title = {Spectral Analysis of Seasonal Adjustment Procedures},
	volume = {32},
	year = {1964}
}


@inproceedings{wilson2013gaussian,
	title={Gaussian process kernels for pattern discovery and extrapolation},
	author={Wilson, Andrew and Adams, Ryan},
	booktitle={Proceedings of the 30th International Conference on Machine Learning (ICML-13)},
	pages={1067--1075},
	year={2013}
}

@inproceedings{girard2003gaussian,
	title={Gaussian process priors with uncertain inputs application to multiple-step ahead time series forecasting},
	author={Girard, Agathe and Rasmussen, Carl Edward and Candela, Joaquin Quinonero and Murray-Smith, Roderick},
	booktitle={Advances in neural information processing systems},
	pages={545--552},
	year={2003}
}

@article{BRAHIMBELHOUARI2004705,
	title = "Gaussian process for nonstationary time series prediction",
	journal = "Computational Statistics and Data Analysis",
	volume = "47",
	number = "4",
	pages = "705 - 712",
	year = "2004",
	author = "Sofiane Brahim-Belhouari and Amine Bermak",
}

@Book { 3569,
	title = {Gaussian Processes for Machine Learning},
	year = {2006},
	pages = {248},
	publisher = {MIT Press},
	address = {Cambridge},
	series = {Adaptive Computation and Machine Learning},
	author = {Rasmussen, CE and Williams, CKI}
}


@Article{Taylor2003,
	author="Taylor, J W",
	title="Short-term electricity demand forecasting using double seasonal exponential smoothing",
	journal="Journal of the Operational Research Society",
	year="2003",
	volume="54",
	number="8",
	pages="799--805",
}


@article{williams2003modeling,
	title={Modeling and forecasting vehicular traffic flow as a seasonal ARIMA process: Theoretical basis and empirical results},
	author={Williams, Billy M and Hoel, Lester A},
	journal={Journal of transportation engineering},
	volume={129},
	number={6},
	pages={664--672},
	year={2003},
	publisher={American Society of Civil Engineers}
}

@Inproceedings{1203886, 
	author={Yantai Shu and Minfang Yu and Jiakun Liu and O. W. W. Yang}, 
	booktitle={Communications, 2003. ICC '03. IEEE International Conference on}, 
	title={Wireless traffic modeling and prediction using seasonal ARIMA models}, 
	year={2003}, 
	volume={3}, 
	pages={1675-1679 vol.3}, 
}

@article{TSENG200271,
	title = "Combining neural network model with seasonal time series ARIMA model",
	journal = "Technological Forecasting and Social Change",
	volume = "69",
	number = "1",
	pages = "71 - 87",
	year = "2002",
	author = "Fang-Mei Tseng and Hsiao-Cheng Yu and Gwo-Hsiung Tzeng",
}

@article{1216141, 
	author={J. Contreras and R. Espinola and F. J. Nogales and A. J. Conejo}, 
	journal={IEEE Transactions on Power Systems}, 
	title={ARIMA models to predict next-day electricity prices}, 
	year={2003}, 
	volume={18}, 
	number={3}, 
	pages={1014-1020}, 
}

@article{schaidnagel2015time,
	journal={International Journal on Advances in Systems and Measurements}, 
	year={2013}, 
	volume={6}, 
	number={3 \& 4}, 
	pages={394-404}, 
	title={Time series prediction with automated periodicity detection},
	author={Schaidnagel, Michael and Laux, Fritz}
}

@article{kumar2015integrated,
	title={An Integrated SSA-ARIMA Approach to Make Multiple Day Ahead Forecasts for the Daily Maximum Ambient O3 Concentration},
	author={Kumar, Ujjwal},
	journal={Aerosol and Air Quality Research},
	volume={15},
	number={1},
	pages={208--219},
	year={2015},
}

@article{kumar2010garch,
	title={GARCH modelling in association with FFT--ARIMA to forecast ozone episodes},
	author={Kumar, Ujjwal and De Ridder, Koen},
	journal={Atmospheric Environment},
	volume={44},
	number={34},
	pages={4252--4265},
	year={2010},
	publisher={Elsevier}
}

@article{tularam2010time,
	title={Time series analysis of rainfall and temperature interactions in coastal catchments},
	author={Tularam, Gurudeo Anand and Ilahee, Mahbub},
	journal={Journal of Mathematics and Statistics},
	volume={6},
	number={3},
	pages={372--380},
	year={2010}
}

@ARTICLE{1163277, 
	author={A. Papoulis and C. Chamzas}, 
	journal={IEEE Transactions on Acoustics, Speech, and Signal Processing}, 
	title={Detection of hidden periodicities by adaptive extrapolation}, 
	year={1979}, 
	volume={27}, 
	number={5}, 
	pages={492-500}, 
}

@article{templeton2004time,
	title={Time-series analysis of variable star data},
	author={Templeton, Matthew},
	journal={Journal of the American Association of Variable Star Observers},
	volume={32},
	pages={41--54},
	year={2004}
}

@phdthesis{lloyd2015representation,
	title={Representation, learning, description and criticism of probabilistic models with applications to networks, functions and relational data},
	author={Lloyd, James Robert},
	year={2015},
	school={University of Cambridge}
}

@inproceedings{grosse2012exploiting,
	title={Exploiting compositionality to explore a large space of model structures},
	author={Grosse, R.B. and Salakhutdinov, R. and Freeman, W.T. and Tenenbaum, J.B.},
	booktitle={Uncertainty in Artificial Intelligence},
	year={2012}
}

@inproceedings{DuvLloGroetal13,
	title={Structure Discovery in Nonparametric Regression through Compositional Kernel Search},
	author={David Duvenaud and James Robert Lloyd and Roger Grosse and Joshua B. Tenenbaum and Zoubin Ghahramani},
	institution =	 {Department of Engineering, University of Cambridge},
	year={2013},
	booktitle={Proceedings of the 30th International Conference on Machine Learning},
}

@Inproceedings{Lloyd2014-ABCD,
	title         = "Automatic Construction and {Natural-Language} Description of
	Nonparametric Regression Models",
	author        = {Lloyd, James Robert and Duvenaud, David and Grosse, Roger
	and Tenenbaum, Joshua B. and Ghahramani, Zoubin},
	booktitle     = "Association for the Advancement of Artificial Intelligence
	(AAAI)",
	year          = {2014}
}

@Inproceedings{6203664, 
	author={D. Hernandez and M. Castrillon and J. Lorenzo}, 
	booktitle={4th International Conference on Imaging for Crime Detection and Prevention 2011 (ICDP 2011)}, 
	title={People counting with re-identification using depth cameras}, 
	year={2011}, 
	pages={1-6}
}

@Article{6923440, 
	author={N. C. Tang and Y. Y. Lin and M. F. Weng and H. Y. M. Liao}, 
	journal={IEEE Transactions on Image Processing}, 
	title={Cross-Camera Knowledge Transfer for Multiview People Counting}, 
	year={2015}, 
	volume={24}, 
	number={1}, 
	pages={80-93}, 
}

@Inproceedings{778358, 
	author={V. Kettnaker and R. Zabih}, 
	booktitle={Proceedings IEEE International Conference on Multimedia Computing and Systems}, 
	title={Counting people from multiple cameras}, 
	year={1999}, 
	volume={2}, 
	pages={267-271 vol.2}, 
}

@Inproceedings{5734771, 
	author={S. Palakkal and K. M. M. Prabhu}, 
	booktitle={2011 National Conference on Communications (NCC)}, 
	title={Poisson noise removal from images using the fast discrete Curvelet transform}, 
	year={2011}, 
	pages={1-5}, 
}

@article{4907062, 
	author={S. Lefkimmiatis and P. Maragos and G. Papandreou}, 
	journal={IEEE Transactions on Image Processing}, 
	title={Bayesian Inference on Multiscale Models for Poisson Intensity Estimation: Applications to Photon-Limited Image Denoising}, 
	year={2009}, 
	volume={18}, 
	number={8}, 
	pages={1724-1741}, 
}

@Inproceedings{4712115, 
	author={I. Rodrigues and J. Sanches and J. Bioucas-Dias}, 
	booktitle={2008 15th IEEE International Conference on Image Processing}, 
	title={Denoising of medical images corrupted by Poisson noise}, 
	year={2008}, 
	pages={1756-1759}, 
}

@Article{5570958, 
	author={F. Luisier and T. Blu and M. Unser}, 
	journal={IEEE Transactions on Image Processing}, 
	title={Image Denoising in Mixed Poisson-Gaussian Noise}, 
	year={2011}, 
	volume={20}, 
	number={3}, 
	pages={696-708}, 
}

@Article{Anders2010,
	author="Anders, Simon and Huber, Wolfgang",
	title="Differential expression analysis for sequence count data",
	journal="Genome Biology",
	year="2010",
	volume="11",
	number="10",
	pages="R106",
}

@ARTICLE{6054049, 
	author={A. B. Chan and N. Vasconcelos}, 
	journal={IEEE Transactions on Image Processing}, 
	title={Counting People With Low-Level Features and Bayesian Regression}, 
	year={2012}, 
	volume={21}, 
	number={4}, 
	pages={2160-2177}, 
}

@inproceedings{paciorek2004nonstationary,
	title={Nonstationary covariance functions for Gaussian process regression},
	author={Paciorek, Christopher J and Schervish, Mark J},
	booktitle={Advances in neural information processing systems},
	pages={273--280},
	year={2004}
}

@article{elsayyad1973,
	author = {G. M. El-Sayyad},
	journal = {Journal of the Royal Statistical Society. Series B (Methodological)},
	number = {3},
	pages = {445-451},
	publisher = {[Royal Statistical Society, Wiley]},
	title = {Bayesian and Classical Analysis of Poisson Regression},
	volume = {35},
	year = {1973}
}

@book{cameron2013regression,
	title={Regression analysis of count data},
	author={Cameron, A Colin and Trivedi, Pravin K},
	volume={53},
	year={2013},
	publisher={Cambridge university press}
}

@INPROCEEDINGS{5459191, 
	author={A. B. Chan and N. Vasconcelos}, 
	booktitle={2009 IEEE 12th International Conference on Computer Vision}, 
	title={Bayesian Poisson regression for crowd counting}, 
	year={2009}, 
	pages={545-551}, 
}

@ARTICLE{4531116, 
	author={B. Zhang and J. M. Fadili and J. L. Starck}, 
	journal={IEEE Transactions on Image Processing}, 
	title={Wavelets, Ridgelets, and Curvelets for Poisson Noise Removal}, 
	year={2008}, 
	volume={17}, 
	number={7}, 
	pages={1093-1108}, 
}

@ARTICLE{5462884, 
	author={M. Raginsky and R. M. Willett and Z. T. Harmany and R. F. Marcia}, 
	journal={IEEE Transactions on Signal Processing}, 
	title={Compressed Sensing Performance Bounds Under Poisson Noise}, 
	year={2010}, 
	volume={58}, 
	number={8}, 
	pages={3990-4002}, 
}

@INPROCEEDINGS{5531035, 
	author={C. Liao and P. Barooah}, 
	booktitle={Proceedings of the 2010 American Control Conference}, 
	title={An integrated approach to occupancy modeling and estimation in commercial buildings}, 
	year={2010}, 
	pages={3130-3135}, 
}

@article{KLEIN2012525,
	title = "Coordinating occupant behavior for building energy and comfort management using multi-agent systems",
	journal = "Automation in Construction",
	volume = "22",
	number = "Supplement C",
	pages = "525 - 536",
	year = "2012",
	author = "Laura Klein and Jun-young Kwak and Geoffrey Kavulya and Farrokh Jazizadeh and Burcin Becerik-Gerber and Pradeep Varakantham and Milind Tambe",
}

@inproceedings{Yang:2012:MBO:2339453.2339455,
	author = {Yang, Zheng and Li, Nan and Becerik-Gerber, Burcin and Orosz, Michael},
	title = {A Multi-sensor Based Occupancy Estimation Model for Supporting Demand Driven HVAC Operations},
	booktitle = {Proceedings of the 2012 Symposium on Simulation for Architecture and Urban Design},
	year = {2012},
	location = {Orlando, Florida},
	pages = {2:1--2:8},
	articleno = {2},
	numpages = {8},
	publisher = {Society for Computer Simulation International},
	address = {San Diego, CA, USA},
} 

@INPROCEEDINGS{Ekwevugbe2012, 
	author={T. Ekwevugbe and N. Brown and D. Fan}, 
	booktitle={2012 6th IEEE International Conference on Digital Ecosystems and Technologies (DEST)}, 
	title={A design model for building occupancy detection using sensor fusion}, 
	year={2012}, 
	pages={1-6}, 
}

@article{Diego2012,
	author={D Casadei},
	title={Reference analysis of the signal + background model in counting experiments},
	journal={Journal of Instrumentation},
	volume={7},
	number={1},
	pages={P01012},
	year={2012},
}

@article{Diego2014,
	author={D Casadei},
	title={Reference analysis of the signal + background model in counting experiments II. Approximate reference prior},
	journal={Journal of Instrumentation},
	volume={9},
	number={10},
	pages={T10006},
	year={2014},
}

@article{Diego2017,
	author = {Diego Casadei and Cornelius Grunwald and Kevin Kröninger and Florian Mentzel},
	title = {Objective Bayesian analysis of counting experiments with correlated sources of background},
	journal = {Journal of Applied Statistics},
	volume = {0},
	number = {0},
	pages = {1-19},
	year  = {2017},
	publisher = {Taylor \& Francis},
}

@article{CHU2006834,
	title = "Sensitivity Analysis of Misclassification: A Graphical and a Bayesian Approach",
	journal = "Annals of Epidemiology",
	volume = "16",
	number = "11",
	pages = "834 - 841",
	year = "2006",
	author = "Haitao Chu and Zhaojie Wang and Stephen R. Cole and Sander Greenland",
}

@article{SECHIDIS2017159,
	title = "Dealing with under-reported variables: An information theoretic solution",
	journal = "International Journal of Approximate Reasoning",
	volume = "85",
	number = "Supplement C",
	pages = "159 - 177",
	year = "2017",
	author = "Konstantinos Sechidis and Matthew Sperrin and Emily S. Petherick and Mikel Luján and Gavin Brown",
}

@INPROCEEDINGS{hutchins2007countdata, 
	author		= "J. Hutchins and A. Ihler and P. Smyth", 
	booktitle	= "2007 2nd IEEE International Workshop on Computational Advances in Multi-Sensor Adaptive Processing", 
	title		= "Modeling Count Data from Multiple Sensors: A Building Occupancy Model", 
	year		= "2007", 
	pages		= "241-244",   
}

@article{hawes2016strands,
	title 	= "The STRANDS Project: Long-Term Autonomy in Everyday Environments",
	author 	= "Hawes, Nick and Burbridge, Chris and Jovan, Ferdian and Kunze, Lars and Lacerda, Bruno and Mudrov{\'a}, Lenka and Young, Jay and Wyatt, Jeremy and Hebesberger, Denise and K{\"o}rtner, Tobias and others",
	journal	= "arXiv preprint arXiv:1604.04384",
	year 	= "2016"
}

@article{krajnik2014froctomap,
	title={FROctomap: an efficient spatio-temporal environment representation},
	author={Krajn{\i}k, Tom{\'a}{\v{s}} and Santos, Joao and Seemann, Bianca and Duckett, Tom},
	journal={Advances in Autonomous Robotics Systems},
	pages={269},
	year={2014},
	publisher={Springer}
}

@inproceedings{coppola2016learning,
	title={Learning Temporal Context for Activity Recognition.},
	author={Coppola, Claudio and Krajn{\'\i}k, Tom{\'a}s and Duckett, Tom and Bellotto, Nicola and others},
	booktitle={European Conference on Artificial Intelligence},
	pages={107--115},
	year={2016}
}

@inproceedings{fentanes2015now,
	title={Now or later? predicting and maximising success of navigation actions from long-term experience},
	author={Fentanes, Jaime Pulido and Lacerda, Bruno and Krajn{\'\i}k, Tom{\'a}{\v{s}} and Hawes, Nick and Hanheide, Marc},
	booktitle={2015 IEEE International Conference on Robotics and Automation (ICRA)},
	pages={1112--1117},
	year={2015},
	organization={IEEE}
}

@inproceedings{krajnik2015fremen,
	title={FreMEn: frequency map enhancement for long-term mobile robot autonomy in changing environments},
	author={Krajnik, Tomas and Pulido Fentanes, Jaime and Santos, Joao and Kusumam, Keerthy and Duckett, Tom and others},
	booktitle={ICRA15 WS VPRiCE},
	year={2015},
	organization={IEEE}
}

@INPROCEEDINGS{7139481, 
	author={T. Krajník and M. Kulich and L. Mudrová and R. Ambrus and T. Duckett}, 
	booktitle={2015 IEEE International Conference on Robotics and Automation (ICRA)}, 
	title={Where's waldo at time t ? using spatio-temporal models for mobile robot search}, 
	year={2015}, 
	pages={2140-2146}, 
}

@INPROCEEDINGS{6943205, 
	author={T. Krajník and J. P. Fentanes and O. M. Mozos and T. Duckett and J. Ekekrantz and M. Hanheide}, 
	booktitle={2014 IEEE/RSJ International Conference on Intelligent Robots and Systems}, 
	title={Long-term topological localisation for service robots in dynamic environments using spectral maps}, 
	year={2014}, 
	pages={4537-4542}, 
}

@INPROCEEDINGS{6907396, 
	author={T. Krajnik and J. P. Fentanes and G. Cielniak and C. Dondrup and T. Duckett}, 
	booktitle={2014 IEEE International Conference on Robotics and Automation (ICRA)}, 
	title={Spectral analysis for long-term robotic mapping}, 
	year={2014}, 
	pages={3706-3711}, 
}

@article{white2000channel,
	title 		= "Channel noise in neurons",
	author 		= "White, John A and Rubinstein, Jay T and Kay, Alan R",
	journal 	= "Trends in neurosciences",
	volume 		= "23",
	number 		= "3",
	pages 		= "131--137",
	year 		= "2000",
	publisher 	= "Elsevier"
}

@article{varuzza2008significance,
	title		= "Significance tests for comparing digital gene expression profiles",
	author		= "Varuzza, Leonardo and Gruber, Arthur and Pereira, Carlos AB",
	year		= "2008",
	publisher	= "Nature Publishing Group"
}

@inproceedings{dondrup2015real,
	title		= "Real-time multisensor people tracking for human-robot spatial interaction",
	author		= "Dondrup, Christian and Bellotto, Nicola and Jovan, Ferdian and Hanheide, Marc and others",
    booktitle   = "Proceedings of the 2015 International Conference on Robotics and Automation",
	year		= "2015",
	publisher	= "ICRA/IEEE"
}

@inproceedings{baumgartner2013tracking,
	title		= "Tracking people and their objects",
	author		= "Baumgartner, Tobias and Mitzel, Dennis and Leibe, Bastian",
	booktitle	= "Proceedings of the IEEE Conference on Computer Vision and Pattern Recognition",
	pages		= "3658--3665",
	year		= "2013"
}

@book{papoulis2002probability,
	title		= "Probability, random variables, and stochastic processes",
	author		= "Papoulis, Athanasios and Pillai, S Unnikrishna",
	year		= "2002",
	publisher	= "Tata McGraw-Hill Education"
}

@article{satterthwaite1946approximate,
	title={An approximate distribution of estimates of variance components},
	author={Satterthwaite, Franklin E},
	journal={Biometrics bulletin},
	volume={2},
	number={6},
	pages={110--114},
	year={1946},
	publisher={JSTOR}
}

@article{welch1947generalization,
	title={The generalization ofstudent's' problem when several different population variances are involved},
	author={Welch, Bernard L},
	journal={Biometrika},
	volume={34},
	number={1/2},
	pages={28--35},
	year={1947},
	publisher={JSTOR}
}

@inproceedings{jovan_iros16,
	author = {Ferdian Jovan and Jeremy Wyatt and Nick Hawes and Tom{\'a}{\v s} Krajn{\'i}k},
	title = {{A Poisson-Spectral Model for Modelling the Spatio-Temporal Patterns in Human Data Observed by a Robot}},
	booktitle = {Proc IEEE Conf on Intelligent Robots and Systems},
	year = {2016},
	address = {Daejeon, South Korea},
}

@inproceedings{sridhar2010unsupervised,
	title={Unsupervised learning of event classes from video},
	author={Sridhar, Muralikrishna and Cohn, Anthony G and Hogg, David C},
	booktitle={Proceedings of the Twenty-Fourth AAAI Conference on Artificial Intelligence},
	pages={1631--1638},
	year={2010},
	organization={AAAI Press}
}

@inproceedings{sridhar2010discovering,
	title={Discovering an event taxonomy from video using qualitative spatio-temporal graphs},
	author={Sridhar, Muralikrishna and Cohn, Anthony G and Hogg, David C},
	booktitle={ECAI 2010-19th European Conference on Artificial Intelligence, Proceedings},
	volume={215},
	pages={1103--1104},
	year={2010},
	organization={IOS Press}
}

@inproceedings{dubba2010event,
	title={Event Model Learning from Complex Videos using ILP.},
	author={Dubba, Krishna Sandeep Reddy and Cohn, Anthony G and Hogg, David C},
	booktitle={ECAI},
	volume={215},
	pages={93--98},
	year={2010}
}

@article{Ihler2006,
address = {New York},
author = {Ihler, Alexander and Hutchins, Jon and Smyth, Padhraic},
journal = {Proceedings of the 12th ACM SIGKDD international conference on Knowledge discovery and data mining - KDD '06},
pages = {207},
publisher = {ACM Press},
title = {{Adaptive Event Detection with Time-Varying Poisson Processes}},
year = {2006}
}

@article{Ihler2007,
  title={Learning to Detect Events with Markov-Modulated Poisson Processes},
  author={Ihler, Alexander and Hutchins, Jon and Smyth, Padhraic},
  journal={ACM Transactions on Knowledge Discovery from Data (TKDD)},
  volume={1},
  number={3},
  pages={13},
  year={2007},
  publisher={ACM}
}

@article{ludkovski2012finite,
	title={Finite horizon decision timing with partially observable Poisson processes},
	author={Ludkovski, Michael and Sezer, Semih O},
	journal={Stochastic Models},
	volume={28},
	number={2},
	pages={207--247},
	year={2012},
	publisher={Taylor \& Francis}
}

@article{scott2001detecting,
	title={Detecting network intrusion using a markov modulated nonhomogeneous poisson process},
	author={Scott, Steven L},
	journal={Submitted to the Journal of the American Statistical Association},
	year={2001}
}

@inproceedings{ihler2006adaptive,
	title={Adaptive event detection with time-varying poisson processes},
	author={Ihler, Alexander and Hutchins, Jon and Smyth, Padhraic},
	booktitle={Proceedings of the 12th ACM SIGKDD international conference on Knowledge discovery and data mining},
	pages={207--216},
	year={2006},
	organization={ACM}
}

@phdthesis{scott1998bayesian,
	title={Bayesian methods and extensions for the two state Markov modulated Poisson process},
	author={Scott, Steven Lee},
	year={1998},
	school={Harvard University Cambridge, Massachusetts}
}

@article{davison1996,
	author 		= "A. C.   Davison  and  N. I.   Ramesh",
	title 		= "Some Models for Discretized Series of Events",
	journal 	= "Journal of the American Statistical Association",
	volume 		= "91",
	number 		= "434",
	pages 		= "601-609",
	year 		= "1996"
}

@article{MEIERHELLSTERN1987370,
	title 		= "A fitting algorithm for Markov-modulated poisson processes having two arrival rates",
	journal 	= "European Journal of Operational Research",
	volume 		= "29",
	number 		= "3",
	pages 		= "370 - 377",
	year 		= "1987",
	author 		= "K.S. Meier-Hellstern"
}

@article{RYDEN1996431,
	author 		= "Tobias Rydén",
	title 		= "An EM algorithm for estimation in Markov-modulated Poisson processes",
	journal 	= "Computational Statistics and Data Analysis",
	volume 		= "21",
	number 		= "4",
	pages 		= "431 - 447",
	year 		= "1996",
}

@article{Prabhu1989,
	author		= "Prabhu, N. U. and Zhu, Yixin",
	title		= "Markov-modulated queueing systems",
	journal		= "Queueing Systems",
	year		= "1989",
	volume		= "5",
	number		= "1",
	pages		= "215--245",
}

@article{Ihler2007detecting,
	author 		= "Ihler, Alexander and Hutchins, Jon and Smyth, Padhraic",
	title 		= "Learning to Detect Events with Markov-modulated Poisson Processes",
	journal 	= "ACM Transactions on Knowledge Discovery from Data",
	volume 		= "1",
	number 		= "3",
	year 		= "2007",
	articleno 	= "13",
	publisher 	= "ACM",
	address 	= "New York, NY, USA"
} 

@article{scott2003markov,
	title		= "The Markov modulated Poisson process and Markov Poisson cascade with applications to web traffic data",
	author		= "Scott, Steven L and Smyth, Padhraic",
	journal		= "Bayesian statistics",
	volume		= "7",
	pages		= "671--680",
	year		= "2003"
}

@article{Tino2009,
	author		= "Ti{\v{n}}o, Peter",
	title		= "Basic properties and information theory of Audic-Claverie statistic for analyzing cDNA arrays",
	journal		= "BMC Bioinformatics",
	year		= "2009",
	volume		= "10",
	number		= "1",
	pages		= "310",
}
